<?xml version="1.0" encoding="UTF-8"?><collection xmlns="http://www.loc.gov/MARC21/slim"><record><leader>00488nam--2200181-i-4500</leader><controlfield tag="001">000009890</controlfield><controlfield tag="002">20161230</controlfield><controlfield tag="005">20161230201028</controlfield><controlfield tag="008">060222s1000------------r-----000-0-eng-d</controlfield><datafield ind1=" " ind2=" " tag="040"><subfield code="a">IFIN-HH</subfield></datafield><datafield ind1=" " ind2=" " tag="080"><subfield code="a">534:531:536</subfield></datafield><datafield ind1="1" ind2=" " tag="100"><subfield code="a">Armstrong, R.L</subfield></datafield><datafield ind1="1" ind2="0" tag="245"><subfield code="a">Mechanics, waves and thermal physics</subfield><subfield code="c">R.l. armostrong, j.d. king</subfield></datafield><datafield ind1=" " ind2=" " tag="260"><subfield code="a">Engelwood Cliffs</subfield><subfield code="b">Prentice-hall, Inc</subfield><subfield code="c">1970</subfield></datafield><datafield ind1=" " ind2=" " tag="300"><subfield code="a">X + 563 P</subfield></datafield><datafield ind1="1" ind2=" " tag="700"><subfield code="a">King, J.D</subfield></datafield><datafield ind1=" " ind2=" " tag="852"><subfield code="a">35856</subfield><subfield code="c">53</subfield></datafield><datafield ind1=" " ind2=" " tag="CAT"><subfield code="a">Sys</subfield><subfield code="c">20150311</subfield><subfield code="h">100839</subfield></datafield></record></collection>